<?xml version="1.0" encoding="UTF-8"?><collection xmlns="http://www.loc.gov/MARC21/slim"><record><leader>00444nam--2200169-i-4500</leader><controlfield tag="001">000044033</controlfield><controlfield tag="002">20161230</controlfield><controlfield tag="005">20161230201044</controlfield><controlfield tag="008">060222s1000------------r-----000-0-rum-d</controlfield><datafield ind1=" " ind2=" " tag="040"><subfield code="a">IFIN-HH</subfield></datafield><datafield ind1=" " ind2=" " tag="041"><subfield code="a">rum</subfield></datafield><datafield ind1=" " ind2=" " tag="080"><subfield code="a">518.2</subfield></datafield><datafield ind1=" " ind2=" " tag="100"><subfield code="a">Rogai, E. Teodorescu, C</subfield></datafield><datafield ind1=" " ind2=" " tag="245"><subfield code="a">Tabele matematice uzuale. editia a vii-a</subfield><subfield code="c">E. rogai</subfield></datafield><datafield ind1=" " ind2=" " tag="260"><subfield code="a">Bucuresti, Editura Tehnica, 1973, 302p</subfield></datafield><datafield ind1=" " ind2=" " tag="852"><subfield code="a">39716</subfield><subfield code="c">518.2</subfield></datafield><datafield ind1=" " ind2=" " tag="CAT"><subfield code="a">Sys</subfield><subfield code="c">20100318</subfield><subfield code="h">133001</subfield></datafield></record></collection>